@Unpublished{higgsChallenge,
 author = {Adam-Bourdarios, Claire and Cowan, Glen and Germain, Cécile and Guyon, Isabelle and Kégl, Balázs and Rousseau, David},
 title = {Learning to discover: the higgs-boson machine learning challenge},
 year = {2014}
 }

